%YAML 1.1
%TAG !u! tag:unity3d.com,2011:
--- !u!1 &100000
GameObject:
  m_ObjectHideFlags: 0
  m_CorrespondingSourceObject: {fileID: 0}
  m_PrefabInstance: {fileID: 0}
  m_PrefabAsset: {fileID: 0}
  serializedVersion: 6
  m_Component:
  - component: {fileID: 400000}
  - component: {fileID: 11100000}
  m_Layer: 0
  m_Name: coffin_01_cemetery
  m_TagString: Untagged
  m_Icon: {fileID: 0}
  m_NavMeshLayer: 0
  m_StaticEditorFlags: 0
  m_IsActive: 1
--- !u!4 &400000
Transform:
  m_ObjectHideFlags: 0
  m_CorrespondingSourceObject: {fileID: 0}
  m_PrefabInstance: {fileID: 0}
  m_PrefabAsset: {fileID: 0}
  m_GameObject: {fileID: 100000}
  m_LocalRotation: {x: 0, y: -0, z: -0, w: 1}
  m_LocalPosition: {x: -0, y: 0, z: 0}
  m_LocalScale: {x: 1, y: 1, z: 1}
  m_Children:
  - {fileID: 7534603946965244436}
  - {fileID: 7160148536108199906}
  - {fileID: 4318186502737983223}
  m_Father: {fileID: 0}
  m_RootOrder: 0
  m_LocalEulerAnglesHint: {x: 0, y: 0, z: 0}
--- !u!111 &11100000
Animation:
  m_ObjectHideFlags: 0
  m_CorrespondingSourceObject: {fileID: 0}
  m_PrefabInstance: {fileID: 0}
  m_PrefabAsset: {fileID: 0}
  m_GameObject: {fileID: 100000}
  m_Enabled: 1
  serializedVersion: 3
  m_Animation: {fileID: 7400002, guid: d22056fe164c85040b0087469bd40f22, type: 3}
  m_Animations:
  - {fileID: 7400002, guid: d22056fe164c85040b0087469bd40f22, type: 3}
  - {fileID: 7400004, guid: d22056fe164c85040b0087469bd40f22, type: 3}
  - {fileID: 7400006, guid: d22056fe164c85040b0087469bd40f22, type: 3}
  - {fileID: 7400008, guid: d22056fe164c85040b0087469bd40f22, type: 3}
  m_WrapMode: 0
  m_PlayAutomatically: 1
  m_AnimatePhysics: 0
  m_CullingType: 0
--- !u!1001 &4318186502737849463
PrefabInstance:
  m_ObjectHideFlags: 0
  serializedVersion: 2
  m_Modification:
    m_TransformParent: {fileID: 400000}
    m_Modifications:
    - target: {fileID: 100000, guid: cfc3859b38b44f04bbda8b9307c642bd, type: 3}
      propertyPath: m_Name
      value: Maces Group (2)
      objectReference: {fileID: 0}
    - target: {fileID: 400000, guid: cfc3859b38b44f04bbda8b9307c642bd, type: 3}
      propertyPath: m_RootOrder
      value: 2
      objectReference: {fileID: 0}
    - target: {fileID: 400000, guid: cfc3859b38b44f04bbda8b9307c642bd, type: 3}
      propertyPath: m_LocalPosition.x
      value: 0.322
      objectReference: {fileID: 0}
    - target: {fileID: 400000, guid: cfc3859b38b44f04bbda8b9307c642bd, type: 3}
      propertyPath: m_LocalPosition.y
      value: 0
      objectReference: {fileID: 0}
    - target: {fileID: 400000, guid: cfc3859b38b44f04bbda8b9307c642bd, type: 3}
      propertyPath: m_LocalPosition.z
      value: 0.242
      objectReference: {fileID: 0}
    - target: {fileID: 400000, guid: cfc3859b38b44f04bbda8b9307c642bd, type: 3}
      propertyPath: m_LocalRotation.w
      value: 0.9990959
      objectReference: {fileID: 0}
    - target: {fileID: 400000, guid: cfc3859b38b44f04bbda8b9307c642bd, type: 3}
      propertyPath: m_LocalRotation.x
      value: -0
      objectReference: {fileID: 0}
    - target: {fileID: 400000, guid: cfc3859b38b44f04bbda8b9307c642bd, type: 3}
      propertyPath: m_LocalRotation.y
      value: -0.0425135
      objectReference: {fileID: 0}
    - target: {fileID: 400000, guid: cfc3859b38b44f04bbda8b9307c642bd, type: 3}
      propertyPath: m_LocalRotation.z
      value: -0
      objectReference: {fileID: 0}
    - target: {fileID: 400000, guid: cfc3859b38b44f04bbda8b9307c642bd, type: 3}
      propertyPath: m_LocalEulerAnglesHint.x
      value: 0
      objectReference: {fileID: 0}
    - target: {fileID: 400000, guid: cfc3859b38b44f04bbda8b9307c642bd, type: 3}
      propertyPath: m_LocalEulerAnglesHint.y
      value: -4.873
      objectReference: {fileID: 0}
    - target: {fileID: 400000, guid: cfc3859b38b44f04bbda8b9307c642bd, type: 3}
      propertyPath: m_LocalEulerAnglesHint.z
      value: 0
      objectReference: {fileID: 0}
    m_RemovedComponents: []
  m_SourcePrefab: {fileID: 100100000, guid: cfc3859b38b44f04bbda8b9307c642bd, type: 3}
--- !u!4 &4318186502737983223 stripped
Transform:
  m_CorrespondingSourceObject: {fileID: 400000, guid: cfc3859b38b44f04bbda8b9307c642bd,
    type: 3}
  m_PrefabInstance: {fileID: 4318186502737849463}
  m_PrefabAsset: {fileID: 0}
--- !u!1001 &7160148536108332386
PrefabInstance:
  m_ObjectHideFlags: 0
  serializedVersion: 2
  m_Modification:
    m_TransformParent: {fileID: 400000}
    m_Modifications:
    - target: {fileID: 100000, guid: cfc3859b38b44f04bbda8b9307c642bd, type: 3}
      propertyPath: m_Name
      value: Maces Group (1)
      objectReference: {fileID: 0}
    - target: {fileID: 400000, guid: cfc3859b38b44f04bbda8b9307c642bd, type: 3}
      propertyPath: m_RootOrder
      value: 1
      objectReference: {fileID: 0}
    - target: {fileID: 400000, guid: cfc3859b38b44f04bbda8b9307c642bd, type: 3}
      propertyPath: m_LocalPosition.x
      value: 0.002
      objectReference: {fileID: 0}
    - target: {fileID: 400000, guid: cfc3859b38b44f04bbda8b9307c642bd, type: 3}
      propertyPath: m_LocalPosition.y
      value: 0
      objectReference: {fileID: 0}
    - target: {fileID: 400000, guid: cfc3859b38b44f04bbda8b9307c642bd, type: 3}
      propertyPath: m_LocalPosition.z
      value: 0.514
      objectReference: {fileID: 0}
    - target: {fileID: 400000, guid: cfc3859b38b44f04bbda8b9307c642bd, type: 3}
      propertyPath: m_LocalRotation.w
      value: 0.8530757
      objectReference: {fileID: 0}
    - target: {fileID: 400000, guid: cfc3859b38b44f04bbda8b9307c642bd, type: 3}
      propertyPath: m_LocalRotation.x
      value: -0
      objectReference: {fileID: 0}
    - target: {fileID: 400000, guid: cfc3859b38b44f04bbda8b9307c642bd, type: 3}
      propertyPath: m_LocalRotation.y
      value: 0.5217872
      objectReference: {fileID: 0}
    - target: {fileID: 400000, guid: cfc3859b38b44f04bbda8b9307c642bd, type: 3}
      propertyPath: m_LocalRotation.z
      value: -0
      objectReference: {fileID: 0}
    - target: {fileID: 400000, guid: cfc3859b38b44f04bbda8b9307c642bd, type: 3}
      propertyPath: m_LocalEulerAnglesHint.x
      value: 0
      objectReference: {fileID: 0}
    - target: {fileID: 400000, guid: cfc3859b38b44f04bbda8b9307c642bd, type: 3}
      propertyPath: m_LocalEulerAnglesHint.y
      value: 62.904
      objectReference: {fileID: 0}
    - target: {fileID: 400000, guid: cfc3859b38b44f04bbda8b9307c642bd, type: 3}
      propertyPath: m_LocalEulerAnglesHint.z
      value: 0
      objectReference: {fileID: 0}
    m_RemovedComponents: []
  m_SourcePrefab: {fileID: 100100000, guid: cfc3859b38b44f04bbda8b9307c642bd, type: 3}
--- !u!4 &7160148536108199906 stripped
Transform:
  m_CorrespondingSourceObject: {fileID: 400000, guid: cfc3859b38b44f04bbda8b9307c642bd,
    type: 3}
  m_PrefabInstance: {fileID: 7160148536108332386}
  m_PrefabAsset: {fileID: 0}
--- !u!1001 &7534603946964844692
PrefabInstance:
  m_ObjectHideFlags: 0
  serializedVersion: 2
  m_Modification:
    m_TransformParent: {fileID: 400000}
    m_Modifications:
    - target: {fileID: 100000, guid: cfc3859b38b44f04bbda8b9307c642bd, type: 3}
      propertyPath: m_Name
      value: Maces Group
      objectReference: {fileID: 0}
    - target: {fileID: 400000, guid: cfc3859b38b44f04bbda8b9307c642bd, type: 3}
      propertyPath: m_RootOrder
      value: 0
      objectReference: {fileID: 0}
    - target: {fileID: 400000, guid: cfc3859b38b44f04bbda8b9307c642bd, type: 3}
      propertyPath: m_LocalPosition.x
      value: -0
      objectReference: {fileID: 0}
    - target: {fileID: 400000, guid: cfc3859b38b44f04bbda8b9307c642bd, type: 3}
      propertyPath: m_LocalPosition.y
      value: 0
      objectReference: {fileID: 0}
    - target: {fileID: 400000, guid: cfc3859b38b44f04bbda8b9307c642bd, type: 3}
      propertyPath: m_LocalPosition.z
      value: 0
      objectReference: {fileID: 0}
    - target: {fileID: 400000, guid: cfc3859b38b44f04bbda8b9307c642bd, type: 3}
      propertyPath: m_LocalRotation.w
      value: 1
      objectReference: {fileID: 0}
    - target: {fileID: 400000, guid: cfc3859b38b44f04bbda8b9307c642bd, type: 3}
      propertyPath: m_LocalRotation.x
      value: 0
      objectReference: {fileID: 0}
    - target: {fileID: 400000, guid: cfc3859b38b44f04bbda8b9307c642bd, type: 3}
      propertyPath: m_LocalRotation.y
      value: -0
      objectReference: {fileID: 0}
    - target: {fileID: 400000, guid: cfc3859b38b44f04bbda8b9307c642bd, type: 3}
      propertyPath: m_LocalRotation.z
      value: -0
      objectReference: {fileID: 0}
    - target: {fileID: 400000, guid: cfc3859b38b44f04bbda8b9307c642bd, type: 3}
      propertyPath: m_LocalEulerAnglesHint.x
      value: 0
      objectReference: {fileID: 0}
    - target: {fileID: 400000, guid: cfc3859b38b44f04bbda8b9307c642bd, type: 3}
      propertyPath: m_LocalEulerAnglesHint.y
      value: 0
      objectReference: {fileID: 0}
    - target: {fileID: 400000, guid: cfc3859b38b44f04bbda8b9307c642bd, type: 3}
      propertyPath: m_LocalEulerAnglesHint.z
      value: 0
      objectReference: {fileID: 0}
    m_RemovedComponents: []
  m_SourcePrefab: {fileID: 100100000, guid: cfc3859b38b44f04bbda8b9307c642bd, type: 3}
--- !u!4 &7534603946965244436 stripped
Transform:
  m_CorrespondingSourceObject: {fileID: 400000, guid: cfc3859b38b44f04bbda8b9307c642bd,
    type: 3}
  m_PrefabInstance: {fileID: 7534603946964844692}
  m_PrefabAsset: {fileID: 0}
